
@incollection{RahimiRecht2008RandomFeatures,
	Author = {Ali Rahimi and Recht, Benjamin},
	Booktitle = {Advances in Neural Information Processing Systems 20},
	Editor = {J. C. Platt and D. Koller and Y. Singer and S. T. Roweis},
	Pages = {1177--1184},
	Publisher = {Curran Associates, Inc.},
	Title = {Random Features for Large-Scale Kernel Machines},
	Url = {http://papers.nips.cc/paper/3182-random-features-for-large-scale-kernel-machines.pdf},
	Year = {2008},
	Bdsk-Url-1 = {http://papers.nips.cc/paper/3182-random-features-for-large-scale-kernel-machines.pdf}}

@INPROCEEDINGS{RahimiRecht2008UniformApprox,
author={A. {Rahimi} and B. {Recht}},
booktitle={2008 46th Annual Allerton Conference on Communication, Control, and Computing},
title={Uniform approximation of functions with random bases},
year={2008},
volume={},
number={},
pages={555-561},
keywords={approximation theory;Banach spaces;Hilbert spaces;learning (artificial intelligence);nonlinear functions;random functions;nonlinear functions;Banach spaces;random nonlinearities;approximating functions;kernel Hilbert spaces;random nonlinear networks;machine learning;Computer architecture;Matching pursuit algorithms;Kernel;Hilbert space;Machine learning algorithms;Large-scale systems;Pattern recognition;Machine learning;Support vector machines;Greedy algorithms},
doi={10.1109/ALLERTON.2008.4797607},
ISSN={null},
month={Sep.},}


@incollection{RahimiRecht2009KitchenSinks,
	Author = {Ali Rahimi and Recht, Benjamin},
	Booktitle = {Advances in Neural Information Processing Systems 21},
	Editor = {D. Koller and D. Schuurmans and Y. Bengio and L. Bottou},
	Pages = {1313--1320},
	Publisher = {Curran Associates, Inc.},
	Title = {Weighted Sums of Random Kitchen Sinks: Replacing minimization with randomization in learning},
	Url = {http://papers.nips.cc/paper/3495-weighted-sums-of-random-kitchen-sinks-replacing-minimization-with-randomization-in-learning.pdf},
	Year = {2009},
	Bdsk-Url-1 = {http://papers.nips.cc/paper/3495-weighted-sums-of-random-kitchen-sinks-replacing-minimization-with-randomization-in-learning.pdf}}


@incollection{Alber2017EmpKernels,
	Author = {Alber, Maximilian and Kindermans, Pieter-Jan and Sch\"{u}tt, Kristof and M\"{u}ller, Klaus-Robert and Sha, Fei},
	Booktitle = {Advances in Neural Information Processing Systems 30},
	Editor = {I. Guyon and U. V. Luxburg and S. Bengio and H. Wallach and R. Fergus and S. Vishwanathan and R. Garnett},
	Pages = {2763--2774},
	Publisher = {Curran Associates, Inc.},
	Title = {An Empirical Study on The Properties of Random Bases for Kernel Methods},
	Url = {http://papers.nips.cc/paper/6869-an-empirical-study-on-the-properties-of-random-bases-for-kernel-methods.pdf},
	Year = {2017},
	Bdsk-Url-1 = {http://papers.nips.cc/paper/6869-an-empirical-study-on-the-properties-of-random-bases-for-kernel-methods.pdf}}

